@article{phillips2010,
	title={Great Library of Alexandria},
	author={Heather A. Phillips},
	journal={Library Philosophy and Practice},
	year={2010},
}

@inproceedings{sandersoncroft2012,
	title="The History of Information Retrieval Research",
	author="Mark Sanderson and W. Bruce Croft",
	booktitle="Proceedings of the IEEE",
	year="2012",
	volume="100",
}


@book{introtoinformationretrieval,
	title={An introduction to information retrieval},
	author={Manning, Christopher D},
	year={2009},
	publisher={Cambridge university press},
}

@misc{joachimsclickthroughdata,
	title="Optimizing Search Engines using Clickthrough Data",
	author="Thorsten Joachims",
	year="2002",
	url={https://www.cs.cornell.edu/~tj/publications/joachims_02c.pdf},
}

@article{robertson1977,
	author = "Stephen Robertson",
	year = "1977",
	month = "12",
	pages = "294-304",
	title = "The Probability Ranking Principle in IR",
	volume = "33",
	journal = "Journal of Documentation",
	doi = "10.1108/eb026647",
}

@article{johnson2019billion,
	title={Billion-scale similarity search with {GPUs}},
	author={Johnson, Jeff and Douze, Matthijs and J{\'e}gou, Herv{\'e}},
	journal={IEEE Transactions on Big Data},
	volume={7},
	number={3},
	pages={535--547},
	year={2019},
	publisher={IEEE}
}


@manual{bernersleehtml,
	author="Tim Berners-Lee",
	title="Hypertext Markup Language - 2.0 Memo",
	year="1995", 
        url={https://www.ietf.org/rfc/rfc1866.txt},
}

@misc{altavistahistory,
	author="Claire Broadley",
	title="AltaVista Search Engine History Lessons For Internet Nerds",
	year="2023",
	url={https://digital.com/altavista/},
	note = "[Online; accessed 19-February-2023]",
}

@misc{howtoaddfulltextsearch,
	author="Sam Dutton",
	title="How to add full text search to your website",
	year="2018",
	url={https://medium.com/dev-channel/how-to-add-full-text-search-to-your-website-4e9c80ce2bf4},
}

@misc{insidealgoliapart-a,
	author="Julien Lamoine",
	title="Inside the Algolia Engine Series",
	year="2016a",
	url={https://www.algolia.com/blog/engineering/inside-the-algolia-engine-part-1-indexing-vs-search/},
}

@misc{insidealgoliapart-b,
	author="Julien Lamoine",
	title="Inside the Algolia Engine Series: part 2",
	year="2016b",
	url={https://www.algolia.com/blog/engineering/inside-the-algolia-engine-part-2-the-indexing-challenge-
	of-instant-search/},
}

@misc{insidealgoliapart-c,
	author="Julien Lamoine",
	title="Inside the Algolia Engine Series: part 3",
	year="2016c",
	url={https://www.algolia.com/blog/engineering/inside-the-algolia-engine-part-3-query-processing/},
}

@misc{insidealgoliapart-d,
	author="Julien Lamoine",
	title="Inside the Algolia Engine Series: part 4",
	year="2016d",
	url={https://www.algolia.com/blog/engineering/inside-the-algolia-enginepart-4-textual-relevance/},
}

@misc{searchsharejapan,
	title="Search Engine Market Share in Japan - November 2022",
	author="Statcounter",
        year="2022",
	url={https://gs.statcounter.com/search-engine-market-share/all/japan},
}

@misc{searchsharechina,
	title="Baidu search engine market share in China Mar 2022",
	author="MarketMeChina",
	year="2022",
	url={https://www.marketmechina.com/baidu-search-engine-market-share-in-china-mar-2022/},
}

@misc{searchshare,
	title="Search Engine Market Share: Who's Leading the Race in 2022",
	year={2022},
	author="Kinsta",
	url={https://kinsta.com/search-engine-
	market-share/},
}

@misc{howgoogleworks,
	title="Szczegółowy przewodnik po działaniu wyszukiwarki Google",
	year="2023",
	author={{Google Developers}},
	url={https://developers.google.com/search/docs/fundamentals/how-search-works},
}

@article{mirtaheri2014brief,
  title={A brief history of web crawlers},
  author={Mirtaheri, Seyed M and Din{\c{c}}kt{\"u}rk, Mustafa Emre and Hooshmand, Salman and Bochmann, Gregor V and Jourdan, Guy-Vincent and Onut, Iosif Viorel},
  journal={arXiv preprint arXiv:1405.0749},
  year={2014}
}

@misc{googlerobots,
	title="Jak Google interpretuje specyfikację pliku robots.txt",
	author="Google",
	year="2023",
	url={https://developers.google.com/search/docs/crawling-indexing/robots/robots_txt},
}

@misc{googlebot,
	title="Googlebot",
	author="Google",
	year="2023", 
        url={https://developers.google.com/search/docs/crawling-indexing/googlebot},
}

@misc{przewodnikgoogle,
	title="Szczegółowy przewodnik po działaniu wyszukiwarki Google",
	author="Google",
	year="2023",
	url={https://developers.google.com/search/docs/fundamentals/how-search-works},
}

@techreport {pagerank,
	title="The PageRank Citation Ranking: Bringing Order to the Web",
	author="Larry Page",
	institution="Stanford",
	year="1998",
	note="http://ilpubs.stanford.edu:8090/422/1/1999-66.pdf",
}
@article{bigtable,
	title={Bigtable: A distributed storage system for structured data},
	author={Chang, Fay and Dean, Jeffrey and Ghemawat, Sanjay and Hsieh, Wilson C and Wallach, Deborah A and Burrows, Mike and Chandra, Tushar and Fikes, Andrew and Gruber, Robert E},
	journal={ACM Transactions on Computer Systems (TOCS)},
	volume={26},
	number={2},
	pages={1--26},
	year={2008},
	publisher={ACM New York, NY, USA}
}

@misc {bigtableoverview,
	author="Google",
	year="2023",
	title="BigTable overview",
        url={https://cloud.google.com/bigtable/docs/overview},
}

@article{vaswani2017attention,
	title={Attention is all you need},
	author={Vaswani, Ashish and Shazeer, Noam and Parmar, Niki and Uszkoreit, Jakob and Jones, Llion and Gomez, Aidan N and Kaiser, {\L}ukasz and Polosukhin, Illia},
	journal={Advances in neural information processing systems},
	volume={30},
	year={2017}
}

@article{devlin2018bert,
	title={Bert: Pre-training of deep bidirectional transformers for language understanding},
	author={Devlin, Jacob and Chang, Ming-Wei and Lee, Kenton and Toutanova, Kristina},
	journal={arXiv preprint arXiv:1810.04805},
	year={2018}
}

@article{mikolov2013efficient,
	title={Efficient estimation of word representations in vector space},
	author={Mikolov, Tomas and Chen, Kai and Corrado, Greg and Dean, Jeffrey},
	journal={arXiv preprint arXiv:1301.3781},
	year={2013}
}

@inproceedings{le2014distributed,
	title={Distributed representations of sentences and documents},
	author={Le, Quoc and Mikolov, Tomas},
	booktitle={International conference on machine learning},
	pages={1188--1196},
	year={2014},
	organization={PMLR}
}

@article{bajaj2016ms,
	title={Ms marco: A human generated machine reading comprehension dataset},
	author={Bajaj, Payal and Campos, Daniel and Craswell, Nick and Deng, Li and Gao, Jianfeng and Liu, Xiaodong and Majumder, Rangan and McNamara, Andrew and Mitra, Bhaskar and Nguyen, Tri and others},
	journal={arXiv preprint arXiv:1611.09268},
	year={2016}
}

@article{reimers2019sentence,
	title={Sentence-bert: Sentence embeddings using siamese bert-networks},
	author={Reimers, Nils and Gurevych, Iryna},
	journal={arXiv preprint arXiv:1908.10084},
	year={2019}
}

@article{johnson2019billion,
	title={Billion-scale similarity search with {GPUs}},
	author={Johnson, Jeff and Douze, Matthijs and J{\'e}gou, Herv{\'e}},
	journal={IEEE Transactions on Big Data},
	volume={7},
	number={3},
	pages={535--547},
	year={2019},
	publisher={IEEE}
}

@misc {faiss,
	title="Faiss library",
	author={{Meta AI Research}},
        year={2023},
	url={https://github.com/facebookresearch/faiss/wiki},
}

@article{raffel2020exploring,
	title={Exploring the limits of transfer learning with a unified text-to-text transformer},
	author={Raffel, Colin and Shazeer, Noam and Roberts, Adam and Lee, Katherine and Narang, Sharan and Matena, Michael and Zhou, Yanqi and Li, Wei and Liu, Peter J},
	journal={The Journal of Machine Learning Research},
	volume={21},
	number={1},
	pages={5485--5551},
	year={2020},
	publisher={JMLRORG}
}

@misc {productquantaization,
	title="Product Quantization for Similarity Search",
	author="Peggy Chang",
	year="2022",
	url={https://towardsdatascience.com/product-quantization-for-similarity-search-2f1f67c5fddd},
}

@misc {similaritysearch,
	title="Similarity Search with IVFPQ",
	author="Peggy Chang",
	year="2022",
	url={https://towardsdatascience.com/similarity-search-with-ivfpq-9c6348fd4db3},
}


@misc {howaipowers,
	title="How AI powers great search results",
	author="Pandu Nayak",
        year={2022},
	url={https://blog.google/products/search/how-ai-powers-great-search-results/},
}

@misc {reinventingsearch,
	title="Reinventing search with a new AI-powered Microsoft Bing and Edge, your copilot for the web",
	author=" Yusuf Mehdi",
        year={2023},
	url={https://blogs.microsoft.com/blog/2023/02/07/reinventing-search-with-a-new-ai-powered-microsoft-bing-and-edge-your-copilot-for-the-web/},
}

@misc {importantnextstep,
	title="An important next step on our AI journey",
	author=" Sundar Pichai",
        year={2023},
	url={https://blog.google/technology/ai/bard-google-ai-search-updates/},
}

@misc {chatgpt100musers,
	title="ChatGPT sets record for fastest-growing user base - analyst note",
	author="Krystal Hu",
        year={2023},
	url={https://www.reuters.com/technology/chatgpt-sets-record-fastest-growing-user-base-analyst-note-2023-02-01/},
}

@article{thoppilan2022lamda,
	title={Lamda: L	anguage models for dialog applications},
	author={Thoppilan, Romal and De Freitas, Daniel and Hall, Jamie and Shazeer, Noam and Kulshreshtha, Apoorv and Cheng, Heng-Tze and Jin, Alicia and Bos, Taylor and Baker, Leslie and Du, Yu and others},
	journal={arXiv preprint arXiv:2201.08239},
	year={2022}
}


@article{nakano2021webgpt,
	title={Webgpt: Browser-assisted question-answering with human feedback},
	author={Nakano, Reiichiro and Hilton, Jacob and Balaji, Suchir and Wu, Jeff and Ouyang, Long and Kim, Christina and Hesse, Christopher and Jain, Shantanu and Kosaraju, Vineet and Saunders, William and others},
	journal={arXiv preprint arXiv:2112.09332},
	year={2021}
}

@article{nogueira2019passage,
	title={Passage Re-ranking with BERT},
	author={Nogueira, Rodrigo and Cho, Kyunghyun},
	journal={arXiv preprint arXiv:1901.04085},
	year={2019}
}

@article{nogueira2019document,
	title={Document expansion by query prediction},
	author={Nogueira, Rodrigo and Yang, Wei and Lin, Jimmy and Cho, Kyunghyun},
	journal={arXiv preprint arXiv:1904.08375},
	year={2019}
}

@inproceedings{khattab2020colbert,
	title={Colbert: Efficient and effective passage search via contextualized late interaction over bert},
	author={Khattab, Omar and Zaharia, Matei},
	booktitle={Proceedings of the 43rd International ACM SIGIR conference on research and development in Information Retrieval},
	pages={39--48},
	year={2020}
}

@inproceedings{mallia2021learning,
	title={Learning passage impacts for inverted indexes},
	author={Mallia, Antonio and Khattab, Omar and Suel, Torsten and Tonellotto, Nicola},
	booktitle={Proceedings of the 44th International ACM SIGIR Conference on Research and Development in Information Retrieval},
	pages={1723--1727},
	year={2021}
}

@inproceedings{ma2021prop,
	title={Prop: Pre-training with representative words prediction for ad-hoc retrieval},
	author={Ma, Xinyu and Guo, Jiafeng and Zhang, Ruqing and Fan, Yixing and Ji, Xiang and Cheng, Xueqi},
	booktitle={Proceedings of the 14th ACM international conference on web search and data mining},
	pages={283--291},
	year={2021}
}

@misc {albertma-prop,
	title="PROP Github repository",
	author={Xinyu Ma, Jia Chen},
        year={2021},
	url={https://github.com/Albert-Ma/PROP/},
}

@article{gao2021condenser,
	title={Condenser: a pre-training architecture for dense retrieval},
	author={Gao, Luyu and Callan, Jamie},
	journal={arXiv preprint arXiv:2104.08253},
	year={2021}
}

@article{gao2021unsupervised,
	title={Unsupervised corpus aware language model pre-training for dense passage retrieval},
	author={Gao, Luyu and Callan, Jamie},
	journal={arXiv preprint arXiv:2108.05540},
	year={2021}
}

@article{zhang2022hlatr,
	title={HLATR: enhance multi-stage text retrieval with hybrid list aware transformer reranking},
	author={Zhang, Yanzhao and Long, Dingkun and Xu, Guangwei and Xie, Pengjun},
	journal={arXiv preprint arXiv:2205.10569},
	year={2022}
}

@article{zhu2021retrieving,
	title={Retrieving and reading: A comprehensive survey on open-domain question answering},
	author={Zhu, Fengbin and Lei, Wenqiang and Wang, Chao and Zheng, Jianming and Poria, Soujanya and Chua, Tat-Seng},
	journal={arXiv preprint arXiv:2101.00774},
	year={2021}
}

@article{tonellotto2022lecture,
	title={Lecture Notes on Neural Information Retrieval},
	author={Tonellotto, Nicola},
	journal={arXiv preprint arXiv:2207.13443},
	year={2022}
}

@article{izacard2020leveraging,
	title={Leveraging passage retrieval with generative models for open domain question answering},
	author={Izacard, Gautier and Grave, Edouard},
	journal={arXiv preprint arXiv:2007.01282},
	year={2020}
}

@article{nogueira2019doc2query,
	title={From doc2query to docTTTTTquery},
	author={Nogueira, Lin},
	journal={Online preprint},
	volume={6},
	year={2019}
}

@article{guu2020realm,
	title={REALM: Retrieval-Augmented Language Model Pre},
	author={Guu, Kelvin and Lee, Kenton and Tung, Zora and Pasupat, Panupong and Chang, Ming-wei},
	journal={Training},
	year={2020}
}

@article{zaheer2022learning,
	title={Learning to Navigate Wikipedia by Taking Random Walks},
	author={Zaheer, Manzil and Marino, Kenneth and Grathwohl, Will and Schultz, John and Shang, Wendy and Babayan, Sheila and Ahuja, Arun and Dasgupta, Ishita and Kaeser-Chen, Christine and Fergus, Rob},
	journal={arXiv preprint arXiv:2211.00177},
	year={2022}
}